@article{LackEvidence,
	title={Lack of evidence that neural empathic responses are blunted in excessive users of violent video games: an fMRI study},
	author={Szycik, Gregor R and Mohammadi, Bahram and M{\"u}nte, Thomas F and Te Wildt, Bert T},
	journal={Frontiers in psychology},
	volume={8},
	pages={174},
	year={2017},
	publisher={Frontiers}
}

@article{FreeWill,
	title={Free will and moral responsibility in video games},
	author={Bartel,Christopher},
	journal={Ethics and Information Technology},
	volume={17},
	number={4},
	pages={285-293},
	year={2015},
	isbn={13881957},
	language={English}
} 

@article{ValueViolence,
	title={Value, violence, and the ethics of gaming},
	author={Goerger,Michael},
	journal={Ethics and Information Technology},
	volume={19},
	number={2},
	pages={95-105},
	year={2017},
	isbn={13881957},
	language={English}
}

@article{ExposureLink,
	title={Violence, Aggression, and Ethics: The Link Between Exposure to Human Violence and Unethical Behavior},
	author={Gubler,Joshua R. and Herrick,Skye and Price,Richard A. and Wood,David A.},
	journal={Journal of Business Ethics},
	volume={147},
	number={1},
	pages={25-34},
	year={2018},
	isbn={01674544},
	language={English}
}

@article{violentCommunication,
	title={How violent video games communicate violence: A literature review and content analysis of moral disengagement factors},
	author={Hartmann, Tilo and Krakowiak, K Maja and Tsay-Vogel, Mina},
	journal={Communication Monographs},
	volume={81},
	number={3},
	pages={310--332},
	year={2014},
	publisher={Taylor \& Francis}
}

@article{DefendMorality,
	title={Defending the morality of violent video games},
	author={Schulzke,Marcus},
	journal={Ethics and Information Technology},
	volume={12},
	number={2},
	pages={127-138},
	year={2010},
	isbn={13881957},
	language={English}
} 

@article{GamesCrime,
	title={Video games and crime},
	author={Ward, Michael R},
	journal={Contemporary Economic Policy},
	volume={29},
	number={2},
	pages={261--273},
	year={2011},
	publisher={Wiley Online Library}
}

@article{MoralLicense,
	title={Moral license in video games: when being right can mean doing wrong},
	author={Ellithorpe, Morgan E and Cruz, Carlos and Velez, John A and Ewoldsen, David R and Bogert, Adam K},
	journal={Cyberpsychology, Behavior, and Social Networking},
	volume={18},
	number={4},
	pages={203--207},
	year={2015},
	publisher={Mary Ann Liebert, Inc. 140 Huguenot Street, 3rd Floor New Rochelle, NY 10801 USA}
}

@article{BadCharacter,
	title={Good person or bad character? Personality predictors of morality and ethics in avatar selection for video game play},
	author={Ewell, Patrick J and Guadagno, Rosanna E and Jones, Matthew and Dunn, Robert Andrew},
	journal={Cyberpsychology, Behavior, and Social Networking},
	volume={19},
	number={7},
	pages={435--440},
	year={2016},
	publisher={Mary Ann Liebert, Inc. 140 Huguenot Street, 3rd Floor New Rochelle, NY 10801 USA}
}

@article{UnderstandingScholars,
	title={Understanding why scholars hold different views on the influences of video games on public health},
	author={Ferguson, Christopher J and Colwell, John},
	journal={Journal of Communication},
	volume={67},
	number={3},
	pages={305--327},
	year={2017},
	publisher={Oxford University Press}
}

@article{Competativness,
	title={The effect of video game competition and violence on aggressive behavior: Which characteristic has the greatest influence?},
	author={Adachi, Paul JC and Willoughby, Teena},
	journal={Psychology of violence},
	volume={1},
	number={4},
	pages={259},
	year={2011},
	publisher={Educational Publishing Foundation}
}

@article{ViolenceSports,
	title={Causal effects of violent sports video games on aggression: Is it competitiveness or violent content?},
	author={Anderson, Craig A and Carnagey, Nicholas L},
	journal={Journal of Experimental Social Psychology},
	volume={45},
	number={4},
	pages={731--739},
	year={2009},
	publisher={Elsevier}
}






































