@article{LackEvidence,
	title={Lack of evidence that neural empathic responses are blunted in excessive users of violent video games: an fMRI study},
	author={Szycik, Gregor R and Mohammadi, Bahram and M{\"u}nte, Thomas F and Te Wildt, Bert T},
	journal={Frontiers in psychology},
	volume={8},
	pages={174},
	year={2017},
	publisher={Frontiers}
}

@article{FreeWill,
	title={Free will and moral responsibility in video games},
	author={Bartel,Christopher},
	journal={Ethics and Information Technology},
	volume={17},
	number={4},
	pages={285-293},
	year={2015},
	isbn={13881957},
	language={English}
} 

@article{ValueViolence,
	title={Value, violence, and the ethics of gaming},
	author={Goerger,Michael},
	journal={Ethics and Information Technology},
	volume={19},
	number={2},
	pages={95-105},
	year={2017},
	isbn={13881957},
	language={English}
}

@article{ExposureLink,
	title={Violence, Aggression, and Ethics: The Link Between Exposure to Human Violence and Unethical Behavior},
	author={Gubler,Joshua R. and Herrick,Skye and Price,Richard A. and Wood,David A.},
	journal={Journal of Business Ethics},
	volume={147},
	number={1},
	pages={25-34},
	year={2018},
	isbn={01674544},
	language={English}
}

@article{violentCommunication,
	title={How violent video games communicate violence: A literature review and content analysis of moral disengagement factors},
	author={Hartmann, Tilo and Krakowiak, K Maja and Tsay-Vogel, Mina},
	journal={Communication Monographs},
	volume={81},
	number={3},
	pages={310--332},
	year={2014},
	publisher={Taylor \& Francis}
}

@article{DefendMorality,
	title={Defending the morality of violent video games},
	author={Schulzke,Marcus},
	journal={Ethics and Information Technology},
	volume={12},
	number={2},
	pages={127-138},
	year={2010},
	isbn={13881957},
	language={English}
} 

@article{GamesCrime,
	title={Video games and crime},
	author={Ward, Michael R},
	journal={Contemporary Economic Policy},
	volume={29},
	number={2},
	pages={261--273},
	year={2011},
	publisher={Wiley Online Library}
}

@article{MoralLicense,
	title={Moral license in video games: when being right can mean doing wrong},
	author={Ellithorpe, Morgan E and Cruz, Carlos and Velez, John A and Ewoldsen, David R and Bogert, Adam K},
	journal={Cyberpsychology, Behavior, and Social Networking},
	volume={18},
	number={4},
	pages={203--207},
	year={2015},
	publisher={Mary Ann Liebert, Inc. 140 Huguenot Street, 3rd Floor New Rochelle, NY 10801 USA}
}

@article{BadCharacter,
	title={Good person or bad character? Personality predictors of morality and ethics in avatar selection for video game play},
	author={Ewell, Patrick J and Guadagno, Rosanna E and Jones, Matthew and Dunn, Robert Andrew},
	journal={Cyberpsychology, Behavior, and Social Networking},
	volume={19},
	number={7},
	pages={435--440},
	year={2016},
	publisher={Mary Ann Liebert, Inc. 140 Huguenot Street, 3rd Floor New Rochelle, NY 10801 USA}
}

@article{UnderstandingScholars,
	title={Understanding why scholars hold different views on the influences of video games on public health},
	author={Ferguson, Christopher J and Colwell, John},
	journal={Journal of Communication},
	volume={67},
	number={3},
	pages={305--327},
	year={2017},
	publisher={Oxford University Press}
}

@article{Competativness,
	title={The effect of video game competition and violence on aggressive behavior: Which characteristic has the greatest influence?},
	author={Adachi, Paul JC and Willoughby, Teena},
	journal={Psychology of violence},
	volume={1},
	number={4},
	pages={259},
	year={2011},
	publisher={Educational Publishing Foundation}
}

@article{ViolenceSports,
	title={Causal effects of violent sports video games on aggression: Is it competitiveness or violent content?},
	author={Anderson, Craig A and Carnagey, Nicholas L},
	journal={Journal of Experimental Social Psychology},
	volume={45},
	number={4},
	pages={731--739},
	year={2009},
	publisher={Elsevier}
}

@article{devalueViolence,
  title={Locating the wrongness in ultra-violent video games},
  author={Waddington, David I},
  journal={Ethics and Information Technology},
  volume={9},
  number={2},
  pages={121--128},
  year={2007},
  publisher={Springer}
}

@article{wrongToPlayGames,
	title={Is it wrong to play violent video games?},
	author={McCormick,Matt},
	year={2001},
	journal={Ethics and Information Technology},
	volume={3},
	number={4},
	pages={277--287}
} 

@misc{numberOfGamers,
    title={Newzoo's 2017 Report: Insights into the 108.9Bn Global Games Market},
    url={https://newzoo.com/insights/articles/newzoo-2017-report-insights-into-the-108-9-billion-global-games-market/},
    journal={Newzoo},
    author={McDonald, Emma},
    year={2017},
    month={Jun}
}

@misc{esaReport,
    title={Essential Facts About the Computer and Video Game Industry},
    url={http://www.theesa.com/about-esa/essential-facts-computer-video-game-industry/}, 
    journal={The Entertainment Software Association},
    publisher={The Entertainment Software Association},
    year={2018}
}

@book{anderson2007violent,
	title={Violent video game effects on children and adolescents: Theory, research, and public policy},
	author={Anderson, Craig A and Gentile, Douglas A and Buckley, Katherine E},
	year={2007},
	publisher={Oxford University Press}
}

@misc{lastOfUsEmotional,
    title={The Last of Us is a terrifying, beautiful, emotional tour de force},
    url={https://business.financialpost.com/technology/gaming/the-last-of-us-is-a-terrifying-beautiful-emotional-tour-de-force},
    journal={Financial Post}, 
    author={Sapieha, Chad}, 
    year={2013}, 
    month={Jun}
}

@misc{lastOfUsGreatestGame,
    title={Why 'The Last of Us' Was the Greatest Game of the Last Console Generation},
    url={https://www.vice.com/en_uk/article/av9yv4/why-the-last-of-us-was-the-greatest-game-of-the-last-console-generation-450},
    journal={Vice},
    publisher={vice}, 
    author={McHendry, Gavin},
    year={2016},
    month={Mar}
}

@article{violenceStats,
  title={Popular video games: Quantifying the presentation of violence and its context},
  author={Smith, Stacy L and Lachlan, Ken and Tamborini, Ron},
  journal={Journal of Broadcasting \& Electronic Media},
  volume={47},
  number={1},
  pages={58--76},
  year={2003},
  publisher={Taylor \& Francis}
}

@book{marketOfViolence,
  title={Why we watch: The attractions of violent entertainment},
  author={Goldstein, Jeffrey},
  year={1998},
  publisher={Oxford University Press}
}








